<?xml version="1.0" encoding="UTF-8"?><record xmlns="http://www.loc.gov/MARC21/slim" xmlns:cinclude="http://apache.org/cocoon/include/1.0" xmlns:zs="http://www.loc.gov/zing/srw/">
  <leader>00870cz  a2200217n  4500</leader>
  <controlfield tag="001">n  86742641 </controlfield>
  <controlfield tag="003">DLC</controlfield>
  <controlfield tag="005">20080419080205.0</controlfield>
  <controlfield tag="008">860108n| acaaaaaan          |a ana      </controlfield>
  <datafield tag="010" ind1=" " ind2=" ">
    <subfield code="a">n  86742641 </subfield>
  </datafield>
  <datafield tag="022" ind1=" " ind2=" ">
    <subfield code="a">0239-8621</subfield>
  </datafield>
  <datafield tag="035" ind1=" " ind2=" ">
    <subfield code="a">(OCoLC)oca01505134</subfield>
  </datafield>
  <datafield tag="040" ind1=" " ind2=" ">
    <subfield code="a">DLC</subfield>
    <subfield code="b">eng</subfield>
    <subfield code="c">DLC</subfield>
    <subfield code="d">DLC</subfield>
    <subfield code="d">OCoLC</subfield>
  </datafield>
  <datafield tag="130" ind1=" " ind2="0">
    <subfield code="a">Prace Komisji Polsko-Radzieckiej do Spraw Współpracy w Dziedzinie Nauk Społecznych PAN i AN ZSRR</subfield>
  </datafield>
  <datafield tag="410" ind1="2" ind2=" ">
    <subfield code="a">Polska Akademia Nauk.</subfield>
    <subfield code="b">Komisja Polsko-Radziecka do Spraw Współpracy w Dziedzinie Nauk Społecznych PAN i AN ZSRR.</subfield>
    <subfield code="t">Prace Komisji Polsko-Radzieckiej do Spraw Współpracy w Dziedzinie Nauk Społecznych PAN i AN ZSRR</subfield>
  </datafield>
  <datafield tag="642" ind1=" " ind2=" ">
    <subfield code="a">nr. 1</subfield>
    <subfield code="5">DLC</subfield>
  </datafield>
  <datafield tag="643" ind1=" " ind2=" ">
    <subfield code="a">Wrocław</subfield>
    <subfield code="b">Zakład Narodowy im. Ossolińskich</subfield>
  </datafield>
  <datafield tag="644" ind1=" " ind2=" ">
    <subfield code="a">f</subfield>
    <subfield code="5">DLC</subfield>
  </datafield>
  <datafield tag="645" ind1=" " ind2=" ">
    <subfield code="a">t</subfield>
    <subfield code="5">DLC</subfield>
  </datafield>
  <datafield tag="646" ind1=" " ind2=" ">
    <subfield code="a">s</subfield>
    <subfield code="5">DLC</subfield>
  </datafield>
  <datafield tag="670" ind1=" " ind2=" ">
    <subfield code="a">Teoretyczne problemy budownictwa socjalistycznego, 1984:</subfield>
    <subfield code="b">t.p.</subfield>
  </datafield>
</record>